<collection xmlns="http://www.loc.gov/MARC21/slim">
<record>
  <leader>01307nam0a2200265 i 450 </leader>
  <controlfield tag="001">IT\ICCU\CNCE\040370</controlfield>
  <controlfield tag="005">20030919000000.0</controlfield>
  <datafield tag="012" ind1=" " ind2=" ">
    <subfield code="a">o,a- s.t, reis HuAf (3) 1580 (R)</subfield>
    <subfield code="2">fei</subfield>
  </datafield>
  <datafield tag="100" ind1=" " ind2=" ">
    <subfield code="a">19981117d1580        0itac0103    ba</subfield>
  </datafield>
  <datafield tag="101" ind1=" " ind2=" ">
    <subfield code="a">LAT</subfield>
  </datafield>
  <datafield tag="102" ind1=" " ind2=" ">
    <subfield code="a">IT</subfield>
  </datafield>
  <datafield tag="200" ind1="1" ind2=" ">
    <subfield code="a">Panaegyres heroicae Henrici Dominatii a Pysnicz. equit. Bohem</subfield>
  </datafield>
  <datafield tag="210" ind1=" " ind2=" ">
    <subfield code="a">Bononiae</subfield>
    <subfield code="c">apud Peregrinum Bonardum</subfield>
    <subfield code="d">1580</subfield>
  </datafield>
  <datafield tag="215" ind1=" " ind2=" ">
    <subfield code="a">\5!, 53 c.</subfield>
    <subfield code="d">4ʻ</subfield>
  </datafield>
  <datafield tag="620" ind1=" " ind2=" ">
    <subfield code="a">IT</subfield>
    <subfield code="d">Bologna</subfield>
  </datafield>
  <datafield tag="700" ind1=" " ind2="1">
    <subfield code="a">Dominc̀ek z Pisnice,</subfield>
    <subfield code="b">Jindrich</subfield>
    <subfield code="3">IT\ICCU\CNCA\011104</subfield>
  </datafield>
  <datafield tag="712" ind1="0" ind2="0">
    <subfield code="a">Bonardo, Pellegrino</subfield>
    <subfield code="3">IT\ICCU\CNCT\000668</subfield>
    <subfield code="4">650</subfield>
  </datafield>
  <datafield tag="790" ind1=" " ind2="1">
    <subfield code="a">Dominatius,</subfield>
    <subfield code="b">Jindrich</subfield>
    <subfield code="3">IT\ICCU\CNCA\018496</subfield>
    <subfield code="z">Dominc̀ek z Pisnice, Jindrich</subfield>
  </datafield>
  <datafield tag="790" ind1=" " ind2="1">
    <subfield code="a">Dominatius,</subfield>
    <subfield code="b">Henricus</subfield>
    <subfield code="3">IT\ICCU\CNCA\022595</subfield>
    <subfield code="z">Dominc̀ek z Pisnice, Jindrich</subfield>
  </datafield>
  <datafield tag="790" ind1=" " ind2="1">
    <subfield code="a">Pisnice,</subfield>
    <subfield code="b">Henrich : de</subfield>
    <subfield code="3">IT\ICCU\CNCA\023850</subfield>
    <subfield code="z">Dominc̀ek z Pisnice, Jindrich</subfield>
  </datafield>
  <datafield tag="791" ind1="0" ind2="0">
    <subfield code="a">Bonardus, Peregrinus</subfield>
    <subfield code="3">IT\ICCU\CNCT\004433</subfield>
    <subfield code="z">Bonardo, Pellegrino</subfield>
  </datafield>
  <datafield tag="801" ind1=" " ind2="3">
    <subfield code="a">IT</subfield>
    <subfield code="b">ICCU</subfield>
    <subfield code="c">20201114</subfield>
  </datafield>
  <datafield tag="899" ind1=" " ind2=" ">
    <subfield code="a">Biblioteca nazionale centrale. Roma</subfield>
    <subfield code="1">RM0267</subfield>
    <subfield code="2">BVE CR</subfield>
  </datafield>
  <datafield tag="911" ind1=" " ind2=" ">
    <subfield code="a">Sul front.</subfield>
    <subfield code="9">IT\ICCU\CNCM\000111</subfield>
  </datafield>
  <datafield tag="921" ind1=" " ind2=" ">
    <subfield code="a">IT\ICCU\CNCM\000111</subfield>
    <subfield code="b">Ercole con la clava uccide l&apos;idra di Lerna. Torcia e spada ai suoi piedi. Sullo sfondo una palma.</subfield>
    <subfield code="e">Invidia virtute superatur.</subfield>
    <subfield code="c">V13</subfield>
    <subfield code="c">Z491</subfield>
    <subfield code="d">Dimensioni: 8,5 x 10,5</subfield>
    <subfield code="f">ERCOLE</subfield>
    <subfield code="f">IDRA</subfield>
    <subfield code="f">INVIDIAVIR</subfield>
    <subfield code="g">1548-[non dopo il 1584]</subfield>
  </datafield>
</record>
</collection>
